
@misc{GPAI,
  title = {GPAI Site},
  howpublished = {\url{https://gpai.ai/}}
}




@misc{OrigineDeepfake,
  title = {Origine Deepfake},
  howpublished = {\url{https://www.cybersecurity360.it/nuove-minacce/deepfake-in-tempo-reale-cosa-sono-come-funzionano-e-quali-tutele-per-prevenire-la-minaccia}}
}


@misc{LukeDeepfake,
  title = {Luke Deepfake},
  howpublished = {\url{https://www.gq-magazine.co.uk/culture/article/boba-fett-luke-skywalker}}
}

@misc{SuperareTrauma,
  title = {Superare un trauma},
  howpublished = {\url{https://www.wired.com/story/deepfake-death-grief-hologram-photography-film/}}
}


@misc{FakeVideoNancyPelosi,
  title = {Video fake di Nancy Pelosi},
  howpublished = {\url{https://www.washingtonpost.com/technology/2020/08/03/nancy-pelosi-fake-video-facebook/}}
}
